<record><leader>00000cas a2200000 a 4500</leader><controlfield tag="001">10186067</controlfield><controlfield tag="008">831203d18491850ohudn ne      0    0eng c</controlfield><datafield ind1=" " ind2=" " tag="010"><subfield code="a">sn 83035630 </subfield></datafield><datafield ind1=" " ind2=" " tag="040"><subfield code="a">NPY</subfield><subfield code="b">eng</subfield><subfield code="c">NPY</subfield><subfield code="d">NPV</subfield><subfield code="d">DLC</subfield><subfield code="d">YOX</subfield><subfield code="d">CNK</subfield><subfield code="d">NVK</subfield><subfield code="d">NVF</subfield><subfield code="d">OCL</subfield><subfield code="d">DLC</subfield><subfield code="d">IUL</subfield><subfield code="d">KRTAS</subfield><subfield code="d">CUI</subfield><subfield code="d">OCLCQ</subfield><subfield code="d">OCLCF</subfield></datafield><datafield ind1="1" ind2=" " tag="029"><subfield code="a">AU@</subfield><subfield code="b">000003061815</subfield></datafield><datafield ind1=" " ind2=" " tag="042"><subfield code="a">pcc</subfield></datafield><datafield ind1=" " ind2=" " tag="043"><subfield code="a">n-us-oh</subfield></datafield><datafield ind1="0" ind2="0" tag="050"><subfield code="a">Newspaper</subfield></datafield><datafield ind1=" " ind2="4" tag="050"><subfield code="a">AN</subfield></datafield><datafield ind1="0" ind2=" " tag="130"><subfield code="a">Scioto gazette (Chillicothe, Ross County, Ohio : 1849)</subfield></datafield><datafield ind1="1" ind2="0" tag="245"><subfield code="a">Scioto gazette.</subfield></datafield><datafield ind1="1" ind2="3" tag="246"><subfield code="a">Daily Scioto gazette</subfield></datafield><datafield ind1=" " ind2=" " tag="260"><subfield code="a">Chillicothe, Ohio :</subfield><subfield code="b">Ely, Allen &amp; Looker,</subfield><subfield code="c">1849-1850.</subfield></datafield><datafield ind1=" " ind2=" " tag="300"><subfield code="a">v.</subfield></datafield><datafield ind1=" " ind2=" " tag="310"><subfield code="a">Daily (except Sunday)</subfield></datafield><datafield ind1="0" ind2=" " tag="362"><subfield code="a">Vol. 1, no. 1 (Dec. 1, 1849)-v. 1, no. 65 (Feb. 16, 1850).</subfield></datafield><datafield ind1=" " ind2=" " tag="515"><subfield code="a">Vol. 1, no. 1 (Dec. 1, 1849) is preceded by an introductory issue also called Vol. 1, no. 1, published Nov. 14, 1849.</subfield></datafield><datafield ind1=" " ind2=" " tag="530"><subfield code="a">Available on microfilm from Microfilm Corp., Cleveland, Ohio.</subfield></datafield><datafield ind1=" " ind2="0" tag="651"><subfield code="a">Chillicothe (Ross County, Ohio)</subfield><subfield code="v">Newspapers.</subfield></datafield><datafield ind1=" " ind2="0" tag="651"><subfield code="a">Ross County (Ohio)</subfield><subfield code="v">Newspapers.</subfield></datafield><datafield ind1=" " ind2="7" tag="655"><subfield code="a">Newspapers.</subfield><subfield code="2">fast</subfield><subfield code="0">(OCoLC)fst01423814</subfield></datafield><datafield ind1=" " ind2="7" tag="651"><subfield code="a">Ohio</subfield><subfield code="z">Chillicothe (Ross County)</subfield><subfield code="2">fast</subfield><subfield code="0">(OCoLC)fst01312400</subfield></datafield><datafield ind1=" " ind2="7" tag="651"><subfield code="a">Ohio</subfield><subfield code="z">Ross County.</subfield><subfield code="2">fast</subfield><subfield code="0">(OCoLC)fst01213452</subfield></datafield><datafield ind1=" " ind2=" " tag="752"><subfield code="a">United States</subfield><subfield code="b">Ohio</subfield><subfield code="c">Ross</subfield><subfield code="d">Chillicothe.</subfield></datafield><datafield ind1="0" ind2=" " tag="775"><subfield code="t">Scioto gazette (Chillicothe, Ross County, Ohio : 1835)</subfield><subfield code="w">(DLC)sn 84024214</subfield><subfield code="w">(OCoLC)11239966</subfield></datafield><datafield ind1="0" ind2="0" tag="785"><subfield code="t">Daily Scioto gazette</subfield><subfield code="w">(DLC)sn 83035631</subfield><subfield code="w">(OCoLC)10186075</subfield></datafield><datafield ind1=" " ind2=" " tag="938"><subfield code="a">Kirtas Technologies, Inc.</subfield><subfield code="b">KRTS</subfield><subfield code="n">737936</subfield></datafield></record>